@article{Birkle2020,
    author = {Birkle, Caroline and Pendlebury, David A. and Schnell, Joshua and Adams, Jonathan},
    title = "{Web of Science as a data source for research on scientific and scholarly activity}",
    journal = {Quantitative Science Studies},
    volume = {1},
    number = {1},
    pages = {363-376},
    year = {2020},
    month = {02},
    issn = {2641-3337},
    doi = {10.1162/qss_a_00018},
    url = {https://doi.org/10.1162/qss\_a\_00018},
    eprint = {https://direct.mit.edu/qss/article-pdf/1/1/363/1760864/qss\_a\_00018.pdf},
}
@article{Fire2019,
author = {Fire, Michael and Guestrin, Carlos},
year = {2019},
month = {06},
pages = {},
title = {Over-optimization of academic publishing metrics: Observing Goodhart's Law in action},
volume = {8},
journal = {GigaScience},
doi = {10.1093/gigascience/giz053}
}
@article{Toledo2019,
author = {Toledo, Roberto and Miranda Junior, Hamilton and Farias Filho, José and Costa, Helder},
year = {2019},
month = {07},
pages = {104312},
title = {A scientometric review of global research on sustainability and project management dataset},
volume = {25},
journal = {Data in Brief},
doi = {10.1016/j.dib.2019.104312}
}
@article{HAN2020,
title = {Mapping the intellectual structure of research on surgery with mixed reality: Bibliometric network analysis (2000–2019)},
journal = {Journal of Biomedical Informatics},
volume = {109},
pages = {103516},
year = {2020},
issn = {1532-0464},
doi = {https://doi.org/10.1016/j.jbi.2020.103516},
url = {https://www.sciencedirect.com/science/article/pii/S1532046420301441},
author = {Jieun Han and Hyo-Jin Kang and Minjung Kim and Gyu Hyun Kwon},
keywords = {Surgery, Mixed reality, Virtual reality, Augmented reality, Bibliometric network analysis, network analysis},
}
@Article{Mongeon2016,
author={Mongeon, Philippe
and Paul-Hus, Ad{\`e}le},
title={The journal coverage of Web of Science and Scopus: a comparative analysis},
journal={Scientometrics},
year={2016},
month={Jan},
day={01},
volume={106},
number={1},
pages={213-228},
issn={1588-2861},
doi={10.1007/s11192-015-1765-5},
url={https://doi.org/10.1007/s11192-015-1765-5}
}
@article{Huang2017,
author={Huang, Ying
and Zhu, Donghua
and Lv, Qi
and Porter, Alan L.
and Robinson, Douglas K. R.
and Wang, Xuefeng},
title={Early insights on the Emerging Sources Citation Index (ESCI): an overlay map-based bibliometric study},
journal={Scientometrics},
year={2017},
month={Jun},
day={01},
volume={111},
number={3},
pages={2041-2057},
issn={1588-2861},
doi={10.1007/s11192-017-2349-3},
url={https://doi.org/10.1007/s11192-017-2349-3}
}
@article{Ramakrishna2022,
author={Ramakrishna, Seeram
and Hu, Wayne
and Jose, Rajan},
title={Sustainability in Numbers by Data Analytics},
journal={Circular Economy and Sustainability},
year={2022},
month={Aug},
day={06},
issn={2730-5988},
doi={10.1007/s43615-022-00201-w},
url={https://doi.org/10.1007/s43615-022-00201-w}
}
@Manual{Rstudio2021,
title = {R: A Language and Environment for Statistical Computing},
author = {{R Core Team}},
organization = {R Foundation for Statistical Computing},
address = {Vienna, Austria},
year = {2021},
url = {https://www.R-project.org/},
}
@Article{Bibliometrix2017,
author = {Massimo Aria and Corrado Cuccurullo},
title = {bibliometrix: An R-tool for comprehensive science mapping analysis},
journal = {Journal of Informetrics},
volume = {11},
number = {4},
pages = {959-975},
publisher = {Elsevier},
year = {2017},
url = {https://doi.org/10.1016/j.joi.2017.08.007},
}
@article{VOSviewer2010,
  added-at = {2021-02-09T00:41:58.000+0100},
  author = {van Eck, Nees Jan and Waltman, Ludo},
  biburl = {https://www.bibsonomy.org/bibtex/22f6557cc06033fdc1fae4cc84caa2743/bsc},
  ee = {https://www.wikidata.org/entity/Q40992931},
  interhash = {c3005c254b826eaafe9f01002d76edc0},
  intrahash = {2f6557cc06033fdc1fae4cc84caa2743},
  journal = {Scientometrics},
  keywords = {scientometrics},
  number = 2,
  pages = {523-538},
  timestamp = {2021-02-09T00:41:58.000+0100},
  title = {Software survey: VOSviewer, a computer program for bibliometric mapping.},
  url = {http://dblp.uni-trier.de/db/journals/scientometrics/scientometrics84.htmlEckW10},
  volume = 84,
  year = 2010
}
@inbook{SDG2022,
place={Cambridge},
title={References}, 
DOI={10.1017/9781009210058.013}, 
booktitle={Sustainable Development Report 2022}, 
publisher={Cambridge University Press}, 
author={Sachs, Jeffrey D. and Kroll, 
Christian and Lafortune, Guillame and Fuller, Grayson and Woelm, Finn}, 
year={2022}, 
pages={77-82}}
@article{Narin1994,
  doi = {10.1177/0193841x9401800107},
  url = {https://doi.org/10.1177/0193841x9401800107},
  year = {1994},
  month = feb,
  publisher = {{SAGE} Publications},
  volume = {18},
  number = {1},
  pages = {65--76},
  author = {Francis Narin and Dominic Olivastro and Kimberly A. Stevens},
  title = {Bibliometrics/Theory,  Practice and Problems},
  journal = {Evaluation Review}
}
@article{Aksu2019,
  doi = {10.29329/ijpe.2019.189.4},
  url = {https://doi.org/10.29329/ijpe.2019.189.4},
  year = {2019},
  month = apr,
  publisher = {Pen Academic Publishing},
  volume = {15},
  number = {2},
  pages = {44--64},
  author = {G\"{o}khan Aksu and   and Cem Oktay G\"{u}zeller and},
  title = {Analysis of Scientific Studies on Item Response Theory by Bibliometric Analysis Method},
  journal = {International Journal of Progressive Education}
}
@misc{Agenda2023,
author = {United Nations, Department of Economic and Social Affairs - Sustainable Development},
title = {Transforming our world: the 2030 Agenda for Sustainable Development},
pages = {16301},
ISBN = {A/RES/70/1},
URL = {https://sdgs.un.org/2030agenda},
year = {2015},
type = {General Assembly}
}
@techreport{onenvironment1987common,
  added-at = {2013-11-23T18:09:02.000+0100},
  author = {on Environment, UNWCED: United Nations World Commission and Development},
  biburl = {https://www.bibsonomy.org/bibtex/23ba313d24e2b8411258f381b7d0f2573/metz},
  interhash = {8a7fcec12b8f37803f5c2627990b19dd},
  intrahash = {3ba313d24e2b8411258f381b7d0f2573},
  keywords = {EnvironmentalPolicy},
  timestamp = {2013-11-23T18:09:02.000+0100},
  title = {Our Common Future (Brundtland Report)},
  year = 1987
}
@article{Dakos2022,
  doi = {10.1088/1748-9326/ac5767},
  url = {https://doi.org/10.1088/1748-9326/ac5767},
  year = {2022},
  month = mar,
  publisher = {{IOP} Publishing},
  volume = {17},
  number = {4},
  pages = {043003},
  author = {Vasilis Dakos and Sonia K{\'{e}}fi},
  title = {Ecological resilience: what to measure and how},
  journal = {Environmental Research Letters}
}
@article{Eason2013,
  doi = {10.1007/s10098-013-0687-2},
  url = {https://doi.org/10.1007/s10098-013-0687-2},
  year = {2013},
  month = nov,
  publisher = {Springer Science and Business Media {LLC}},
  volume = {16},
  number = {4},
  pages = {773--783},
  author = {Tarsha Eason and Ahjond S. Garmestani and Heriberto Cabezas},
  title = {Managing for resilience: early detection of regime shifts in complex systems},
  journal = {Clean Technologies and Environmental Policy}
}
@article{Boschetti2019,
doi = {10.1093/icesjms/fsz105},
url = {https://doi.org/10.1093/icesjms/fsz105},
year = {2019},
month = jun,
publisher = {Oxford University Press ({OUP})},
volume = {77},
number = {4},
pages = {1532--1544},
author = {Fabio Boschetti and Karine Prunera and Mathew A Vanderklift and Damian P Thomson and Russell C Babcock and Christopher Doropoulos and Anna Cresswell and Hector Lozano-Montes},
editor = {Gary Griffith},
title = {Information-theoretic measures of ecosystem change,  sustainability,  and resilience},
journal = {{ICES} Journal of Marine Science}
}
@article{Clare2017,
  doi = {10.1111/oik.03661},
  url = {https://doi.org/10.1111/oik.03661},
  year = {2017},
  month = mar,
  publisher = {Wiley},
  volume = {126},
  number = {8},
  pages = {1123--1133},
  author = {David S. Clare and Matthew Spencer and Leonie A. Robinson and Christopher L. J. Frid},
  title = {Explaining ecological shifts: the roles of temperature and primary production in the long-term dynamics of benthic faunal composition},
  journal = {Oikos}
}
@article{Sherwin2019,
  doi = {10.3390/e21080794},
  url = {https://doi.org/10.3390/e21080794},
  year = {2019},
  month = aug,
  publisher = {{MDPI} {AG}},
  volume = {21},
  number = {8},
  pages = {794},
  author = {William B Sherwin and Narcis Prat i Fornells},
  title = {The Introduction of Entropy and Information Methods to Ecology by Ramon Margalef},
  journal = {Entropy}
}
@article{Daly2018,
  doi = {10.3390/math6070119},
  url = {https://doi.org/10.3390/math6070119},
  year = {2018},
  month = jul,
  publisher = {{MDPI} {AG}},
  volume = {6},
  number = {7},
  pages = {119},
  author = {Aisling Daly and Jan Baetens and Bernard De Baets},
  title = {Ecological Diversity: Measuring the Unmeasurable},
  journal = {Mathematics}
}
@article{Roswell2021,
  doi = {10.1111/oik.07202},
  url = {https://doi.org/10.1111/oik.07202},
  year = {2021},
  month = feb,
  publisher = {Wiley},
  volume = {130},
  number = {3},
  pages = {321--338},
  author = {Michael Roswell and Jonathan Dushoff and Rachael Winfree},
  title = {A conceptual guide to measuring species diversity},
  journal = {Oikos}
}
@misc{Cruz2023,
title={Para diretor da Escola de Engenharia de São Carlos,
área Deve Atuar na solução DOS desafios globais},
url={https://jornal.usp.br/institucional/para-o-novo-diretor-da-eesc-engenharia-deve-estar-interligada-aos-desafios-globais/},
journal={Jornal da USP},
author={Cruz, Adriana},
year={2023},
month={Apr}}
@misc{RenovaBio2017,
author={Brasil},
title={Lei nº 13.576, de 26 de dezembro de 2017. (2017). Dispõe sobre a Política Nacional de
Biocombustíveis (RenovaBio), e dá outras providências.},
journal= {Diário Oficial [da] República Federativa do Brasil},
year={2017},
date={2017-12-26},
organization={Brasil},
publisher={Diário Oficial da União},
url={https://www.planalto.gov.br/ccivil_03/_ato2015-2018/2017/lei/l13576.htm}
}
@misc{PlanoABC_2016,
url={https://www.gov.br/agricultura/pt-br/assuntos/sustentabilidade/plano-abc/plano-abc-agricultura-de-baixa-emissao-de-carbono},
journal={Plano ABC - Agricultura de Baixa Emissão de Carbono},
publisher={Ministério da Agricultura e Pecuária},
author={Brasil},
year={2016}}
@misc{Decreto11075,
url={https://www2.camara.leg.br/legin/fed/decret/2022/decreto-11075-19-maio-2022-792682-publicacaooriginal-165314-pe.html},
journal={Diário Oficial da União},
publisher={Portal da Câmara dos Deputados},
author={Brasil},
title={Legislação Informatizada - DECRETO Nº 11.075, DE 19 DE MAIO DE 2022 - Publicação Original},
year={2022}}
@article{Mller2020,
  doi = {10.1111/cobi.13479},
  url = {https://doi.org/10.1111/cobi.13479},
  year = {2020},
  month = mar,
  publisher = {Wiley},
  volume = {34},
  number = {3},
  pages = {654--665},
  author = {Anke M\"{u}ller and Uwe A. Schneider and Kerstin Jantke},
  title = {Evaluating and expanding the European Union{\textquotesingle}s protected-area network toward potential post-2020 coverage targets},
  journal = {Conservation Biology}
}
@article{Lebrouhi2022,
  doi = {10.3390/su14105818},
  url = {https://doi.org/10.3390/su14105818},
  year = {2022},
  month = may,
  publisher = {{MDPI} {AG}},
  volume = {14},
  number = {10},
  pages = {5818},
  author = {Badr Eddine Lebrouhi and Eric Schall and Bilal Lamrani and Yassine Chaibi and Tarik Kousksou},
  title = {Energy Transition in France},
  journal = {Sustainability}
}
@misc{UCLA_2021,
autor={UCLA},
title={What is Sustainability?},
editor={UCLA Sustainability},
organization={UCLA},
url={https://www.sustain.ucla.edu/what-is-sustainability/},
journal={UCLA Sustainability},
year={2021}}
@article{Mayer2006,
  doi = {10.1016/j.ecolmodel.2005.11.011},
  url = {https://doi.org/10.1016/j.ecolmodel.2005.11.011},
  year = {2006},
  month = may,
  publisher = {Elsevier {BV}},
  volume = {195},
  number = {1-2},
  pages = {72--82},
  author = {Audrey L. Mayer and Christopher W. Pawlowski and Heriberto Cabezas},
  title = {Fisher Information and dynamic regime changes in ecological systems},
  journal = {Ecological Modelling}
}
@article{Karunanithi2008,
  doi = {10.5751/es-02318-130122},
  url = {https://doi.org/10.5751/es-02318-130122},
  year = {2008},
  publisher = {Resilience Alliance,  Inc.},
  volume = {13},
  number = {1},
  author = {Arunprakash T. Karunanithi and Heriberto Cabezas and B. Roy Frieden and Christopher W. Pawlowski},
  title = {Detection and Assessment of Ecosystem Regime Shifts from Fisher Information},
  journal = {Ecology and Society}
}
@article{Rawlings2020,
  doi = {10.1016/j.ecolmodel.2019.108845},
  url = {https://doi.org/10.1016/j.ecolmodel.2019.108845},
  year = {2020},
  month = jan,
  publisher = {Elsevier {BV}},
  volume = {416},
  pages = {108845},
  author = {E.Soraya Rawlings and J.C. Barrera-Martinez and Vicente Rico-Ramirez},
  title = {Fisher information calculation in a complex ecological model: An optimal control-based approach},
  journal = {Ecological Modelling}
}
@article{Konig2019,
  doi = {10.1007/s10098-019-01718-9},
  url = {https://doi.org/10.1007/s10098-019-01718-9},
  year = {2019},
  month = jun,
  publisher = {Springer Science and Business Media {LLC}},
  volume = {21},
  number = {7},
  pages = {1471--1483},
  author = {Eva Konig and Heriberto Cabezas and Audrey L. Mayer},
  title = {Detecting dynamic system regime boundaries with Fisher information: the case of ecosystems},
  journal = {Clean Technologies and Environmental Policy}
}
@article{Ulanowicz2009,
  doi = {10.1016/j.ecocom.2008.10.005},
  url = {https://doi.org/10.1016/j.ecocom.2008.10.005},
  year = {2009},
  month = mar,
  publisher = {Elsevier {BV}},
  volume = {6},
  number = {1},
  pages = {27--36},
  author = {Robert E. Ulanowicz and Sally J. Goerner and Bernard Lietaer and Rocio Gomez},
  title = {Quantifying sustainability: Resilience,  efficiency and the return of information theory},
  journal = {Ecological Complexity}
}
@article{Mouchet2010,
  doi = {10.1111/j.1365-2435.2010.01695.x},
  url = {https://doi.org/10.1111/j.1365-2435.2010.01695.x},
  year = {2010},
  month = mar,
  publisher = {Wiley},
  volume = {24},
  number = {4},
  pages = {867--876},
  author = {Maud A. Mouchet and S{\'{e}}bastien Vill{\'{e}}ger and Norman W. H. Mason and David Mouillot},
  title = {Functional diversity measures: an overview of their redundancy and their ability to discriminate community assembly rules},
  journal = {Functional Ecology}
}