@article{Ellili2023,
  doi = {10.1007/s10668-023-03067-6},
  url = {https://doi.org/10.1007/s10668-023-03067-6},
  year = {2023},
  month = mar,
  publisher = {Springer Science and Business Media {LLC}},
  author = {Nejla Ould Daoud Ellili},
  title = {Bibliometric analysis of sustainability papers: Evidence from Environment,  Development and sustainability},
  journal = {Environment,  Development and Sustainability}
}
@article{Ulanowicz2009,
  doi = {10.1016/j.ecocom.2008.10.005},
  url = {https://doi.org/10.1016/j.ecocom.2008.10.005},
  year = {2009},
  month = mar,
  publisher = {Elsevier {BV}},
  volume = {6},
  number = {1},
  pages = {27--36},
  author = {Robert E. Ulanowicz and Sally J. Goerner and Bernard Lietaer and Rocio Gomez},
  title = {Quantifying sustainability: Resilience,  efficiency and the return of information theory},
  journal = {Ecological Complexity}
}
@article{Yue2016,
  doi = {10.1007/s11430-015-0239-7},
  url = {https://doi.org/10.1007/s11430-015-0239-7},
  year = {2016},
  month = sep,
  publisher = {Springer Science and Business Media {LLC}},
  volume = {59},
  number = {11},
  pages = {2089--2097},
  author = {TianXiang Yue and LiLi Zhang and MingWei Zhao and YiFu Wang and John Wilson},
  title = {Space- and ground-based {CO}2 measurements: A review},
  journal = {Science China Earth Sciences}
}
@article{Roten2022,
  doi = {10.5194/acp-2022-315},
  url = {https://doi.org/10.5194/acp-2022-315},
  year = {2022},
  month = may,
  publisher = {Copernicus {GmbH}},
  author = {Dustin Roten and John C. Lin and Lewis Kunik and Derek Mallia and Dien Wu and Tomohiro Oda and Eric A. Kort},
  title = {The Information Content of Dense Carbon Dioxide Measurements from Space: A High-Resolution Inversion Approach with Synthetic Data from the {OCO}-3 Instrument}
}
@Article{Reuter2013,
AUTHOR = {Reuter, M. and B\"osch, H. and Bovensmann, H. and Bril, A. and Buchwitz, M. and Butz, A. and Burrows, J. P. and O'Dell, C. W. and Guerlet, S. and Hasekamp, O. and Heymann, J. and Kikuchi, N. and Oshchepkov, S. and Parker, R. and Pfeifer, S. and Schneising, O. and Yokota, T. and Yoshida, Y.},
TITLE = {A joint effort to deliver satellite retrieved atmospheric CO$_{2}$ concentrations for surface flux inversions: the ensemble median algorithm EMMA},
JOURNAL = {Atmospheric Chemistry and Physics},
VOLUME = {13},
YEAR = {2013},
NUMBER = {4},
PAGES = {1771--1780},
URL = {https://acp.copernicus.org/articles/13/1771/2013/},
DOI = {10.5194/acp-13-1771-2013}
}
@article{Cushman2019,
  doi = {10.3389/fevo.2019.00440},
  url = {https://doi.org/10.3389/fevo.2019.00440},
  year = {2019},
  month = dec,
  publisher = {Frontiers Media {SA}},
  volume = {7},
  author = {Samuel A. Cushman and Kevin McGarigal},
  title = {Metrics and Models for Quantifying Ecological Resilience at Landscape Scales},
  journal = {Frontiers in Ecology and Evolution}
}
@article{Petrokofsky2012,
  doi = {10.1186/2047-2382-1-6},
  url = {https://doi.org/10.1186/2047-2382-1-6},
  year = {2012},
  publisher = {Springer Science and Business Media {LLC}},
  volume = {1},
  number = {1},
  pages = {6},
  author = {Gillian Petrokofsky and Hideki Kanamaru and Fr{\'{e}}d{\'{e}}ric Achard and Scott J Goetz and Hans Joosten and Peter Holmgren and Aleksi Lehtonen and Mary CS Menton and Andrew S Pullin and Martin Wattenbach},
  title = {Comparison of methods for measuring and assessing carbon stocks and carbon stock changes in terrestrial carbon pools. How do the accuracy and precision of current methods compare? A systematic review protocol},
  journal = {Environmental Evidence}
}